<record><leader>00000cas a22000007a 4500</leader><controlfield tag="001">12964040</controlfield><controlfield tag="008">860102d188u1887wiudr ne      0    0eng d</controlfield><datafield ind1=" " ind2=" " tag="010"><subfield code="a">sn 86086001 </subfield></datafield><datafield ind1=" " ind2=" " tag="040"><subfield code="a">NPV</subfield><subfield code="b">eng</subfield><subfield code="c">NPV</subfield><subfield code="d">OCLCQ</subfield></datafield><datafield ind1=" " ind2=" " tag="042"><subfield code="a">msc</subfield></datafield><datafield ind1="0" ind2="4" tag="245"><subfield code="a">The Oshkosh morning times.</subfield></datafield><datafield ind1="1" ind2="3" tag="246"><subfield code="a">Morning times</subfield></datafield><datafield ind1="1" ind2="3" tag="246"><subfield code="a">Oshkosh times</subfield></datafield><datafield ind1="1" ind2="3" tag="246"><subfield code="a">Sunday times</subfield></datafield><datafield ind1=" " ind2=" " tag="260"><subfield code="a">Oshkosh, Wis. :</subfield><subfield code="b">E.W. Viall &amp; Co.</subfield></datafield><datafield ind1=" " ind2=" " tag="300"><subfield code="a">v.</subfield></datafield><datafield ind1=" " ind2=" " tag="310"><subfield code="a">Daily</subfield></datafield><datafield ind1=" " ind2=" " tag="321"><subfield code="a">Daily (except Sun.),</subfield><subfield code="b">&lt;Jan. 28&gt;-Nov. 21, 1885</subfield></datafield><datafield ind1="1" ind2=" " tag="362"><subfield code="a">Ceased in 1887.</subfield></datafield><datafield ind1=" " ind2=" " tag="500"><subfield code="a">Sunday issue entitled: Sunday times, Nov. 22, 1885-&lt;June 12, 1887&gt;.</subfield></datafield><datafield ind1=" " ind2=" " tag="580"><subfield code="a">Issued also in a weekly edition: Times, &lt;May 2, 1885&gt;-&lt;March 12, 1887&gt;.</subfield></datafield><datafield ind1=" " ind2=" " tag="588"><subfield code="a">Description based on: Vol. 3, no. 23 (Jan. 28, 1885).</subfield></datafield><datafield ind1=" " ind2=" " tag="752"><subfield code="a">United States</subfield><subfield code="b">Wisconsin</subfield><subfield code="c">Winnebago</subfield><subfield code="d">Oshkosh.</subfield></datafield><datafield ind1="1" ind2=" " tag="775"><subfield code="t">Times (Oshkosh, Wis.)</subfield><subfield code="w">(DLC)sn 85041602</subfield></datafield><datafield ind1="0" ind2="0" tag="785"><subfield code="t">Oshkosh times (Oshkosh, Wis. : 1887 : daily)</subfield><subfield code="w">(DLC)sn 86086002</subfield></datafield></record>